<record><leader>00000cas a2200000 a 4500</leader><controlfield tag="001">2260929</controlfield><controlfield tag="008">760620d18541972dcudr ne      0   a0eng c</controlfield><datafield ind1=" " ind2=" " tag="010"><subfield code="a">sn 83045462 </subfield><subfield code="z">sn 82016179 </subfield></datafield><datafield ind1=" " ind2=" " tag="040"><subfield code="a">PIT</subfield><subfield code="b">eng</subfield><subfield code="c">PIT</subfield><subfield code="d">NPW</subfield><subfield code="d">NPU</subfield><subfield code="d">DLC</subfield><subfield code="d">OCL</subfield><subfield code="d">NPX</subfield><subfield code="d">DLC</subfield><subfield code="d">KNP</subfield><subfield code="d">NPH</subfield><subfield code="d">MFN</subfield><subfield code="d">DLC</subfield><subfield code="d">ANU</subfield><subfield code="d">KNP</subfield><subfield code="d">MGN</subfield><subfield code="d">CNK</subfield><subfield code="d">NYG</subfield><subfield code="d">NVK</subfield><subfield code="d">TGN</subfield><subfield code="d">OBN</subfield><subfield code="d">CVF</subfield><subfield code="d">DCN</subfield><subfield code="d">OCL</subfield><subfield code="d">CVF</subfield><subfield code="d">DLC</subfield><subfield code="d">NVK</subfield><subfield code="d">CRL</subfield><subfield code="d">DLC</subfield><subfield code="d">KRTAS</subfield><subfield code="d">UKMGB</subfield><subfield code="d">DLC</subfield><subfield code="d">CRL</subfield><subfield code="d">OCLCQ</subfield><subfield code="d">OCLCA</subfield><subfield code="d">DLC</subfield><subfield code="d">OCLCO</subfield><subfield code="d">DLC</subfield><subfield code="d">OCLCF</subfield><subfield code="d">CRL</subfield></datafield><datafield ind1="7" ind2=" " tag="016"><subfield code="a">013890094</subfield><subfield code="2">Uk</subfield></datafield><datafield ind1=" " ind2=" " tag="019"><subfield code="a">9185845</subfield><subfield code="a">28360180</subfield></datafield><datafield ind1="0" ind2=" " tag="022"><subfield code="a">2331-9968</subfield><subfield code="2">1</subfield></datafield><datafield ind1=" " ind2=" " tag="042"><subfield code="a">pcc</subfield><subfield code="a">nsdp</subfield></datafield><datafield ind1=" " ind2=" " tag="043"><subfield code="a">n-us-dc</subfield></datafield><datafield ind1="0" ind2="0" tag="050"><subfield code="a">Newspaper</subfield></datafield><datafield ind1="0" ind2="0" tag="082"><subfield code="a">071</subfield><subfield code="2">23</subfield></datafield><datafield ind1="0" ind2=" " tag="130"><subfield code="a">Evening star (Washington, D.C.)</subfield></datafield><datafield ind1=" " ind2="0" tag="222"><subfield code="a">Evening star</subfield><subfield code="b">(Washington, D.C. Print)</subfield></datafield><datafield ind1="1" ind2="0" tag="245"><subfield code="a">Evening star.</subfield></datafield><datafield ind1="1" ind2=" " tag="246"><subfield code="i">Sunday issues for Mar. 26, 1905-July 9,1972 called:</subfield><subfield code="a">Sunday star</subfield></datafield><datafield ind1="1" ind2="3" tag="246"><subfield code="a">Star</subfield></datafield><datafield ind1=" " ind2=" " tag="260"><subfield code="a">Washington, D.C. :</subfield><subfield code="b">W.D. Wallach &amp; Hope,</subfield><subfield code="c">1854-1972.</subfield></datafield><datafield ind1=" " ind2=" " tag="300"><subfield code="a">v.</subfield></datafield><datafield ind1=" " ind2=" " tag="310"><subfield code="a">Daily,</subfield><subfield code="b">Mar. 26, 1905-July 12, 1972</subfield></datafield><datafield ind1=" " ind2=" " tag="321"><subfield code="a">Daily (except Sunday),</subfield><subfield code="b">Oct. 9, 1854-Mar. 25, 1905</subfield></datafield><datafield ind1=" " ind2=" " tag="336"><subfield code="a">text</subfield><subfield code="b">txt</subfield><subfield code="2">rdacontent</subfield></datafield><datafield ind1=" " ind2=" " tag="337"><subfield code="a">unmediated</subfield><subfield code="b">n</subfield><subfield code="2">rdamedia</subfield></datafield><datafield ind1=" " ind2=" " tag="338"><subfield code="a">volume</subfield><subfield code="b">nc</subfield><subfield code="2">rdacarrier</subfield></datafield><datafield ind1="0" ind2=" " tag="362"><subfield code="a">Vol. 4, no. 553 (Oct. 9, 1854)-120th year, no. 194 (July 12, 1972).</subfield></datafield><datafield ind1=" " ind2=" " tag="500"><subfield code="a">"From April 25 through May 24, 1861 one sheet issues were published intermittently owing to scarcity of paper." Cf. Library of Congress, Photoduplication Service.</subfield></datafield><datafield ind1=" " ind2=" " tag="500"><subfield code="a">Publisher varies: Noyes, Baker &amp; Co., &lt;1867&gt;; Evening Star Newspaper Co., &lt;1868-&gt;</subfield></datafield><datafield ind1=" " ind2=" " tag="515"><subfield code="a">Suspended Jan. 1-6, 1971 because of a machinists' strike.</subfield></datafield><datafield ind1=" " ind2=" " tag="530"><subfield code="a">Archived issues are available in digital format as part of the Library of Congress Chronicling America online collection.</subfield></datafield><datafield ind1=" " ind2=" " tag="530"><subfield code="a">Also issued on microfilm from Microfilming Corp. of America and the Library of Congress, Photoduplication Service.</subfield></datafield><datafield ind1=" " ind2="0" tag="651"><subfield code="a">Washington (D.C.)</subfield><subfield code="v">Newspapers.</subfield></datafield><datafield ind1=" " ind2="7" tag="651"><subfield code="a">Washington (D.C.)</subfield><subfield code="2">fast</subfield><subfield code="0">(OCoLC)fst01204505</subfield></datafield><datafield ind1=" " ind2="7" tag="655"><subfield code="a">Newspapers.</subfield><subfield code="2">fast</subfield><subfield code="0">(OCoLC)fst01423814</subfield></datafield><datafield ind1=" " ind2=" " tag="752"><subfield code="a">United States</subfield><subfield code="b">District of Columbia</subfield><subfield code="d">Washington.</subfield></datafield><datafield ind1="0" ind2=" " tag="775"><subfield code="t">Weekly star (Washington, D.C.)</subfield><subfield code="w">(DLC)sn 82016358</subfield><subfield code="w">(OCoLC)9298967</subfield></datafield><datafield ind1="0" ind2="8" tag="776"><subfield code="i">Online version:</subfield><subfield code="t">Evening star (Washington, D.C. : Online)</subfield><subfield code="x">2331-9976</subfield><subfield code="w">(DLC)  2013272072</subfield><subfield code="w">(OCoLC)819546186</subfield></datafield><datafield ind1="0" ind2="0" tag="780"><subfield code="t">Daily evening star (Washington, D.C.)</subfield><subfield code="x">2328-5907</subfield><subfield code="w">(DLC)sn 83045461</subfield><subfield code="w">(OCoLC)9574197</subfield></datafield><datafield ind1="0" ind2="7" tag="785"><subfield code="t">Washington daily news (Washington, D.C.)</subfield><subfield code="w">(DLC)sn 82016181</subfield><subfield code="w">(OCoLC)9186073</subfield></datafield><datafield ind1="0" ind2="7" tag="785"><subfield code="t">Evening star and the Washington daily news</subfield><subfield code="w">(DLC)sn 83045463</subfield><subfield code="w">(OCoLC)9567065</subfield></datafield><datafield ind1="4" ind2="1" tag="856"><subfield code="u">http://chroniclingamerica.loc.gov/lccn/sn83045462/issues</subfield></datafield><datafield ind1=" " ind2=" " tag="938"><subfield code="a">Kirtas Technologies, Inc.</subfield><subfield code="b">KRTS</subfield><subfield code="n">735600</subfield></datafield><datafield ind1="1" ind2=" " tag="029"><subfield code="a">AU@</subfield><subfield code="b">000002968768</subfield></datafield></record>